@book{halliday1986fundamentos,
  title={Fundamentos de física},
  author={Halliday, D. and Resnick, R.},
  isbn={9789682606458},
  url={https://books.google.com.gt/books?id=eaCXSQAACAAJ},
  year={1986},
  publisher={Compañía Editorial Continental}
}

@book{knoll2010radiation,
  title={Radiation Detection and Measurement},
  author={Knoll, G.F.},
  isbn={9780470131480},
  lccn={2010019070},
  url={https://books.google.com.gt/books?id=4vTJ7UDel5IC},
  year={2010},
  publisher={John Wiley \& Sons}
}

@article{Maldacena:2016upp,
      author         = "Maldacena, Juan and Stanford, Douglas and Yang, Zhenbin",
      title          = "{Conformal symmetry and its breaking in two dimensional
                        Nearly Anti-de-Sitter space}",
      year           = "2016",
      eprint         = "1606.01857",
      archivePrefix  = "arXiv",
      primaryClass   = "hep-th",
      SLACcitation   = "%%CITATION = ARXIV:1606.01857;%%"
}

@article{Aparicio:2016qqb,
      author         = "Aparicio, Luis and Dutta, Bhaskar and Cicoli, Michele and
                        Muia, Francesco and Quevedo, Fernando",
      title          = "{Light Higgsino Dark Matter from Non-thermal Cosmology}",
      year           = "2016",
      eprint         = "1607.00004",
      archivePrefix  = "arXiv",
      primaryClass   = "hep-ph",
      SLACcitation   = "%%CITATION = ARXIV:1607.00004;%%"
}